<record xmlns:xsi="http://www.w3.org/2001/XMLSchema-instance" xmlns="http://www.loc.gov/MARC21/slim" xsi:schemaLocation="http://www.loc.gov/MARC21/slim http://www.loc.gov/standards/marcxml/schema/MARC21slim.xsd">

  <leader>01922nab a2200169   4500</leader>
  <controlfield tag="005">20160328160920.0</controlfield>
  <controlfield tag="008">150813b2002    cr f|||| |||| 00| 0 spa d</controlfield>
  <datafield ind2=" " ind1=" " tag="090">
    <subfield code="a">REVIS 06.02.01</subfield>
  </datafield>
  <datafield tag="100" ind1="1" ind2=" ">
    <subfield code="9">852</subfield>
    <subfield code="a">Durán Ramos, Teresita</subfield>
  </datafield>
  <datafield ind2="0" tag="245" ind1="1">
    <subfield code="a">Globalización y formación profesional: ¿ Nuevas reglas ? /</subfield>
    <subfield code="c">Teresitan Durán Ramos</subfield>
  </datafield>
  <datafield ind2=" " tag="260" ind1=" ">
    <subfield code="a">San José, Costa Rica :</subfield>
    <subfield code="b">Editorial Universidad de Costa Rica,</subfield>
    <subfield code="c">2002</subfield>
  </datafield>
  <datafield tag="300" ind1=" " ind2=" ">
    <subfield code="a">páginas 107-116</subfield>
  </datafield>
  <datafield ind2=" " ind1=" " tag="520">
    <subfield code="a">En el pasado, adquirir una formación profesional representaba la posibilidad de obtener empleo formal en el área respectiva y el ascenso casi garantizado a lo largo de la vida, con frecuencia dentro de una misma institución. El conocimiento profesional resultaba duradero.
El avance tecnológico y la economía  globalizada han generado nuevas reglas del juego que constituyen en sí mismas, potencialmente, oportunidad y riesgo.
En las nuevas reglas del juego derivadas del contexto económico global, del énfasis en la competitividad y del acceso directo al vertiginoso avance tecnológico, cada vez se dispone menos de la continuidad laboral, que suponía el estudiar una profesión.
Me parece que nuevamente la educación tiene sobre sí los reflectores. Si bien es cierto que las reglas del juego han cambiado, tanto desde el punto de vista económico como también  en cuanto a las posibilidades que hoy en día proporciona la información, las necesidades  humanas fundamentales siguen siendo las mismas.
La siguiente ponencia presenta una reflexión acerca del fenómeno de la globalización y su incidencia en la Educación Superior. Cuestiona la tarea de la Universidad en el contexto del avance tenológico y la economía globalizada</subfield>
  </datafield>
  <datafield ind1="1" tag="650" ind2="4">
    <subfield code="9">1</subfield>
    <subfield code="a">EDUCACIÓN</subfield>
  </datafield>
  <datafield ind2=" " tag="773" ind1="0">
    <subfield code="d">San José, Costa Rica : Editorial de la Universidad de Costa Rica, 1997-</subfield>
    <subfield code="o">R0059</subfield>
    <subfield code="t">EDUCACIÓN: Revista de la Universidad de Costa Rica</subfield>
    <subfield code="g">Vol.26, no.2  (2002) </subfield>
  </datafield>
  <datafield ind2=" " tag="942" ind1=" ">
    <subfield code="2">z</subfield>
    <subfield code="c">10</subfield>
  </datafield>
  <datafield ind1=" " tag="999" ind2=" ">
    <subfield code="c">2807</subfield>
    <subfield code="d">2807</subfield>
  </datafield>
</record>